@book{feldman2020elm,
  title={Elm in action},
  author={Feldman, Richard},
  year={2020},
  publisher={Manning Publications}
}

